\usepackage{url}
\usepackage{hyperref}
@article{Gossling2020,
author = {G{\"{o}}ssling, Stefan and Humpe, Andreas},
doi = {10.1016/j.gloenvcha.2020.102194},
file = {:C\:/Users/kt16229/Downloads/1-s2.0-S0959378020307779-main.pdf:pdf},
issn = {09593780},
journal = {Global Environmental Change},
keywords = {Aviation,CORSIA,Climate policy,Emission equity,Emission gap,Paris Agreement},
number = {May},
title = {{The global scale, distribution and growth of aviation: Implications for climate change}},
volume = {65},
year = {2020}}
}
@ARTICLE{Jaegle1999,
       author = {{Jaegl{\'e}}, L. and {Jacob}, D.~J. and {Brune}, W.~H. and {Faloona}, I.~C. and {Tan}, D. and {Kondo}, Y. and {Sachse}, G.~W. and {Anderson}, B. and {Gregory}, G.~L. and {Vay}, S. and {Singh}, H.~B. and {Blake}, D.~R. and {Shetter}, R.},
        title = "{Ozone production in the upper troposphere and the influence of aircraft during SONEX: approach of NO$_{x}$-saturated conditions}",
      journal = {Geophysical Research Letters},
     keywords = {Atmospheric Composition and Structure: Troposphere-composition and chemistry},
         year = {1999},
       volume = {26},
       number = {20},
        pages = {3081-3084},
          doi = {10.1029/1999GL900451}
}
@Article{Schumann2015,
AUTHOR = {Schumann, U. and Penner, J. E. and Chen, Y. and Zhou, C. and Graf, K.},
TITLE = {Dehydration effects from contrails in a coupled contrail–climate model},
JOURNAL = {Atmospheric Chemistry and Physics},
VOLUME = {15},
YEAR = {2015},
NUMBER = {19},
PAGES = {11179--11199},
URL = {https://acp.copernicus.org/articles/15/11179/2015/},
DOI = {10.5194/acp-15-11179-2015}
}
@article{Niklass2019a,
author = {Nikla{\ss}, M. and L{\"{u}}hrs, B. and Grewe, V. and Dahlmann, K. and Luchkova, T. and Linke, F. and Gollnick, V.},
doi = {10.1016/j.tranpol.2016.12.010},
issn = {1879310X},
journal = {Transport Policy},
title = {{Potential to reduce the climate impact of aviation by climate restricted airspaces}},
year = {2019}
}
@article{Bangash2004,
author = {Bangash, Z. A. and Sanchez, R. P. and Ahmed, A. and Khan, M. J.},
doi = {10.2514/6.2004-725},
journal = {AIAA Paper},
number = {January},
pages = {8399--8408},
title = {{Aerodynamics of formation flight}},
year = {2004}
}
@article{Dahlmann2020,
author = {Dahlmann, Katrin and Matthes, Sigrun and Yamashita, Hiroshi and Unterstrasser, Simon and Grewe, Volker and Marks, Tobias},
doi = {10.3390/aerospace7120172},
journal = {Aerospace},
keywords = {Aircraft wake-surfing for efficiency,Aviation,Climate impact,Formation flight,Mitigation potential},
number = {12},
pages = {1--12},
title = {{Assessing the climate impact of formation flights}},
volume = {7},
year = {2020}
}
@book{Anderson1999,
author = {Anderson, John D},
pages = {1--41},
title = {{Aircraft perfomance and design}},
url = {https://soaneemrana.org/onewebmedia/AIRCRAFT PERFORMANCE AND DESIGN1.pdf},
volume = {358},
year = {1999}
}
@book{Oates1989,
author = {Oates, Gordon C},
booktitle = {Aircraft Propulsion Systems Technology and Design},
doi = {10.2514/4.861499},
title = {{Aircraft Propulsion Systems Technology and Design}},
year = {1989}
}
@book{Richter2012,
author = {Richter, Hanz},
booktitle = {Advanced Control of Turbofan Engines},
pages = {1--266},
title = {{Advanced control of turbofan engines}},
year = {2012}
}
@article{Masiol2014,
author = {Masiol, Mauro and Harrison, Roy M},
doi = {10.1016/j.atmosenv.2014.05.070},
journal = {Atmospheric Environment},
pages = {409--455},
publisher = {Elsevier Ltd},
title = {{Aircraft engine exhaust emissions and other airport-related contributions to ambient air pollution : A review Aircraft Particle Emissions eXperiment}},
url = {http://dx.doi.org/10.1016/j.atmosenv.2014.05.070},
volume = {95},
year = {2014}
}
@techreport{USDOE_2020,
author = {Holladay, Johnathan and Abdullah, Zia and Heyne, Joshua},
institution = {U.S Department of Energy},
title = {{Sustainable Aviation Fuel: Review of Technical Pathways}},
year = {2020}
}
@techreport{Hemighaus2007,
author = {Hemighaus, Greg and Boval, Tracy and Bacha, John and Barnes, Fred and Franklin, Matt and Gibbs, Lew and Hogue, Nancy and Jones, Jacqueline and Lesnini, David and Lind, John and Morris, Jack},
institution = {Chevron U.S.A},
doi = {10.1097/RLU.0000000000001475},
title = {{Aviation Fuels Technical Review}},
year = {2007}
}
@article{Brasseur1998,
author = {Brasseur, G.P. and Cox, R.A. and Hauglustaine, D. and Isaksen, I. and Lelieveld, J. and Lister, D.H. and Sausen, R. and Schumann, U. and Wahner, A. and Wiesen, P.},
doi = {10.1016/S1352-2310(97)00486-X},
file = {:C\:/Users/kt16229/Downloads/Brasseur 1998.pdf:pdf},
issn = {13522310},
journal = {Atmospheric Environment},
month = {jul},
number = {13},
pages = {2329--2418},
title = {{European scientific assessment of the atmospheric effects of aircraft emissions}},
url = {https://linkinghub.elsevier.com/retrieve/pii/S135223109700486X},
volume = {32},
year = {1998}
}
@article{Dopelheuer2000,
author = {D{\"{o}}pelheuer, Andreas},
doi = {10.1016/S1290-0958(00)80060-X},
file = {:C\:/Users/kt16229/Downloads/1-s2.0-S129009580080060X-main.pdf:pdf},
issn = {12900958},
journal = {Air \& Space Europe},
month = {may},
number = {3},
pages = {34--37},
title = {{Aircraft emission parameter modelling}},
url = {https://linkinghub.elsevier.com/retrieve/pii/S129009580080060X},
volume = {2},
year = {2000}
}
@article{Dopelheuer1998,
author = {Dopelheuer, A. and Lecht, M},
file = {:C\:/Users/kt16229/Downloads/10.1.1.453.4717.pdf:pdf},
journal = {RTO-Symposium of AVT on Gas Turbine Engine Combustion, Emissions and Alternative Fuels},
title = {{Influence of engine performance on emission characteristics}},
year = {1998}
}
@techreport{Deidewig1996,
author = {Deidewig, F. and Dopelheuer, A. and Lecht, M.},
publisher = {AIAA and ICAS},
title = {{Methods to Assess Aircraft Engine Emissions in Flight}},
year = {1996}
}
@article{Ebbinghaus2001,
doi = {10.1016/s1290-0958(01)90026-7},
journal = {Air \& Space Europe},
number = {1-2},
pages = {101--103},
title = {{Aircraft fuels and their effect upon engine emissions}},
volume = {3},
year = {2001}
}
@article{Nuic2010,
author = {Nuic, Angela and Poles, Damir and Mouillet, Vincent},
doi = {10.1002/acs.1176},
journal = {International Journal of Adaptive Control and Signal Processing},
number = {10},
pages = {850--866},
title = {{BADA: An advanced aircraft performance model for present and future ATM systems}},
url = {http://doi.wiley.com/10.1002/acs.1176},
volume = {24},
year = {2010}
}
@techreport{PIANO_X,
	title 		    = {Piano-X Aircraft Emissions and Performance User’s Guide},
	institution = {Lissys Ltd},
	year    	    = 2008,
}
@techreport{AEDT,
	title 	     = {{Aviation Environment Design Tool (AEDT) 2a: Technical Manual, Version 3c}},
	institution = {Federal Aviation Administration (FAA)},
	year    	     = 2020,
}
@article{Sun2020,
author = {Sun, Junzi and Hoekstra, Jacco M. and Ellerbroek, Joost},
doi = {10.3390/aerospace7080104},
issn = {2226-4310},
journal = {Aerospace},
month = {jul},
number = {8},
pages = {104},
title = {{OpenAP: An Open-Source Aircraft Performance Model for Air Transportation Studies and Simulations}},
url = {https://www.mdpi.com/2226-4310/7/8/104},
volume = {7},
year = {2020}
}
@book{ICAOEEDB,
title = {ICAO Aircraft Engine Emissions Databank},
author = {{International Civil Aviation Organization (ICAO) Committee on Aviation Environmental Protection (CAEP)}},
edition = 28,
year = 2021
}
@article{ICAO2008,
author = {{International Civil Aviation Organization (ICAO)}},
file = {:C\:/Users/kt16229/Downloads/icao.annex.16.v2.2008.pdf:pdf},
journal = {Icao},
title = {{Annex 16 to the Convention on International Civil Aviation--Volume I--Aircraft Noise}},
volume = {552},
year = {2008}
}
@manual{AIR5715,
author={{SAE Aerospace}},
title={Procedure for the Calculation of Aircraft Emissions},
month={jul},
year={2009},
publisher = {{SAE International}},
doi={https://doi.org/10.4271/AIR5715},
url={https://doi.org/10.4271/AIR5715},
}
@mastersthesis{Brink2020,
author = {Brink, Lukas},
year = {2020},
title = {Modeling the Impact of Fuel Composition on Aircraft Engine NOx, CO and Soot Emissions},
school = {Massachusetts Institute of Technology}
}
@inproceedings{DuBois2006,
author = {DuBois, Doug and Paynter, Gerald C.},
booktitle = {SAE Technical Papers},
doi = {10.4271/2006-01-1987},
pages = {1--14},
title = {{“Fuel Flow Method2” for Estimating Aircraft Emissions}},
url = {https://www.sae.org/content/2006-01-1987/},
volume = {115},
year = {2006}
}

@phdthesis{Wasiuk2014,
author = {Wasiuk, Donata K.},
title = {{Modelling aircraft emissions and their impact on atmospheric composition and ozone}},
year = {2014},
school	= {University of Bristol}
}
@article{Paoli2011,
author = {Paoli, R. and Cariolle, D. and Sausen, R.},
doi = {10.5194/gmd-4-643-2011},
journal = {Geoscientific Model Development},
number = {3},
pages = {643--667},
title = {{Review of effective emissions modeling and computation}},
volume = {4},
year = {2011}
}
@book{Jacobson2005,
author = {{Mark Z. Jacobson}},
edition = {2nd},
eprint = {arXiv:1011.1669v3},
issn = {14712458},
pmid = {25246403},
publisher = {Cambridge University Press},
title = {{Fundamentals of Atmospheric Modeling}},
year = {2005}
}
@article{Petry1998,
author = {Petry, H. and Hendricks, J. and M{\"{o}}llhoff, M. and Lippert, E. and Meier, A. and Ebel, A. and Sausen, R.},
doi = {10.1029/97JD03749},
issn = {01480227},
journal = {Journal of Geophysical Research: Atmospheres},
month = {mar},
number = {D5},
pages = {5759--5772},
title = {{Chemical conversion of subsonic aircraft emissions in the dispersing plume: Calculation of effective emission indices}},
url = {http://doi.wiley.com/10.1029/97JD03749},
volume = {103},
year = {1998}
}
@article{Cariolle2009,
author = {Cariolle, D and Caro, D and Paoli, R and Hauglustaine, D A and Cu{\'{e}}not, B. and Cozic, A and Paugam, R.},
doi = {10.1029/2009JD011873},
file = {:C\:/Users/kt16229/Downloads/2009JD011873.pdf:pdf},
issn = {01480227},
journal = {Journal of Geophysical Research Atmospheres},
keywords = {doi:10.102,http://dx.doi.org/10.1029/2009JD011873},
number = {19},
pages = {1--21},
title = {{Parameterization of plume chemistry into large-scale atmospheric models: Application to aircraft NOx emissions}},
volume = {114},
year = {2009}
}
@article{Danilin1994,
author = {Danilin, M. Y. and Ebel, A. and Elbern, H. and Petry, H.},
doi = {10.1029/94jd01820},
file = {:C\:/Users/kt16229/Downloads/Danilin 1994.pdf:pdf},
issn = {01480227},
journal = {Journal of Geophysical Research},
number = {D9},
title = {{Evolution of the concentrations of trace species in an aircraft plume: trajectory study}},
volume = {99},
year = {1994}
}
@article{Gerz1998,
author = {Gerz, Thomas and D{\"{u}}rbeck, Tilman and Konopka, Paul},
doi = {10.1029/98JD02282},
file = {:C\:/Users/kt16229/Downloads/98JD02282.pdf:pdf},
issn = {01480227},
journal = {Journal of Geophysical Research Atmospheres},
keywords = {http://dx.doi.org/10.1029/98JD02282, doi:10.1029/9},
number = {D20},
pages = {25905--25913},
title = {{Transport and effective diffusion of aircraft emissions}},
volume = {103},
year = {1998}
}
@article{Crow1970,
author = {Crow, S. C.},
doi = {10.2514/3.6083},
journal = {AIAA Journal},
volume = {8},
number = {12},
title = {{Stability Theory for a Pair of Trailing Vortices}},
pages = {2172-2179},
year = {1970}
}
@techreport{EPA1992,
title = {{Workbook for plume visual impact screening and analysis (revised)}},
institution = {United States Environmental Protection Agency (EPA)},
year = {1992}
}
@article{Paoli2016,
author = {Paoli, Roberto and Shariff, Karim},
doi = {10.1146/annurev-fluid-010814-013619},
file = {:C\:/Users/kt16229/Downloads/Paoli, Shariff 2016.pdf:pdf},
issn = {00664189},
journal = {Annual Review of Fluid Mechanics},
keywords = {Cloud formation and dynamics,Large-eddy simulation,Particulate flows,Radiative hydrodynamics,Stratified flow,Two-phase flow,Vortex dynamics},
pages = {393--427},
title = {{Contrail Modeling and Simulation}},
volume = {48},
year = {2016}
}
@article{Unterstrasser2014,
author = {Unterstrasser, S. and Paoli, R. and S{\"{o}}lch, I. and K{\"{u}}hnlein, C. and Gerz, T.},
doi = {10.5194/acp-14-2713-2014},
file = {:C\:/Users/kt16229/Downloads/acp-14-2713-2014.pdf:pdf},
issn = {16807316},
journal = {Atmospheric Chemistry and Physics},
number = {5},
pages = {2713--2733},
title = {{Dimension of aircraft exhaust plumes at cruise conditions: Effect of wake vortices}},
volume = {14},
year = {2014}
}
@article{Gerz1997,
author = {Gerz, T and Ehret, T},
doi = {10.1016/S1270-9638(97)90008-0},
journal = {Aerospace Science and Technology},
keywords = {Aircraft wake,Atmosphere,Exhaust jets,Jet regime,Wingtip vortices},
number = {7},
pages = {463--474},
title = {{Wingtip Vortices and Exhaust Jets during the Jet Regime of Aircraft Wakes}},
volume = {1},
year = {1997}
}
@article{Schumann1995,
author = {Schumann, U and Konopka, P and Baumann, R and Busen, R and Gerz, T and Schlager, H and Schulte, P and Volkert, H},
title = {{Estimate of diffusion parameters of aircraft exhaust plumes near the tropopause from nitric oxide and turbulence
measurements}},
journal = {Journal of Geophysical Research},
volume = {100},
number = {D7},
pages = {14147--14162},
year = {1995}
}
@article{Schumann1998,
author = {Schumann, U. and Schlager, H. and Arnold, F. and Baumann, R. and Haschberger, P. and Klemm, O.},
doi = {10.1016/S1352-2310(97)00455-X},
file = {:C\:/Users/kt16229/AppData/Local/Mendeley Ltd./Mendeley Desktop/Downloaded/Schumann et al. - 1998 - Dilution of aircraft exhaust plumes at cruise altitudes.pdf:pdf},
issn = {13522310},
journal = {Atmospheric Environment},
keywords = {Aircraft emissions,Contrail,Dispersion,Jet,Mixing,Tropopause region},
month = {sep},
number = {18},
pages = {3097--3103},
title = {{Dilution of aircraft exhaust plumes at cruise altitudes}},
url = {https://linkinghub.elsevier.com/retrieve/pii/S135223109700455X},
volume = {32},
year = {1998}
}
@article{Konopka1995,
author = {Konopka, P.},
doi = {10.1515/jnet.1995.20.1.78},
file = {:C\:/Users/kt16229/Downloads/Konopka1995.pdf:pdf},
issn = {0340-0204},
journal = {Journal of Non-Equilibrium Thermodynamics},
number = {1},
title = {{Analytical Gaussian Solutions for Anisotropie Diffusion in a Linear Shear Flow}},
url = {https://www.degruyter.com/document/doi/10.1515/jnet.1995.20.1.78/html},
volume = {20},
year = {1995}
}
@article{Karol2000,
author = {Karol, Igor L and Ozolin, Yury E and Kiselev, Andrey A and Rozanov, Eugene V},
number = {3},
pages = {373--376},
title = {{Plume Transformation Index (PTI) of the Subsonic Aircraft Exhausts and their Dependence on the External Conditions}},
volume = {27},
year = {2000}
}
@inbook{Houghton2001,
author = {Houghton, J.E.T. and Ding, Y. and Griggs, David and Noguer, Maria and van der Linden, Paul and Dai, X. and Maskell, M. and Johnson, C.},
year = {2001},
pages = {87--98},
title = {Climate Change 2001: The Scientific Basis},
chapter = {1: The Climate System: an Overview},
publisher = {Cambridge University Press}
}
@article{Kraabol2000a,
author = {Kraab{\o}l, Anne Gunn and Konopka, Paul and Stordal, Frode and Schlager, Hans},
doi = {10.1016/S1352-2310(00)00156-4},
journal = {Atmospheric Environment},
number = {23},
pages = {3939--3950},
title = {{Modelling chemistry in aircraft plumes 1: Comparison with observations and evaluation of a layered approach}},
volume = {34},
year = {2000}
}
@article{Kraabol2000b,
author = {Kraab{\o}l, Anne Gunn and Stordal, Frode},
doi = {10.1016/S1352-2310(00)00155-2},
journal = {Atmospheric Environment},
number = {23},
pages = {3951--3962},
title = {{Modelling chemistry in aircraft plumes 2: The chemical conversion of NO(x) to reservoir species under different conditions}},
volume = {34},
year = {2000}
}
@article{Stone2012,
author = {Stone, Daniel and Whalley, Lisa K and Heard, Dwayne E and Stone, Daniel},
doi = {10.1039/c2cs35140d},
journal = {Chemical Society Reviews},
pages = {6348--6404},
title = {{Tropospheric OH and HO 2 radicals: field measurements and model comparisons}},
volume = {41},
issue = {19},
year = {2012}
}
@article{Meijer1997,
author = {Meijer, E. W. and {Van Velthoven}, P. F.J. and Wauben, W. M.F. and Beck, J. P. and Velders, G. J.M.},
doi = {10.1029/97GL53156},
file = {:C\:/Users/kt16229/Downloads/97GL53156.pdf:pdf},
issn = {00948276},
journal = {Geophysical Research Letters},
keywords = {http://dx.doi.org/10.1029/97GL53156, doi:10.1029/9},
number = {23},
pages = {3013--3016},
title = {{The effects of the conversion of nitrogen oxides in aircraft exhaust plumes in global models}},
volume = {24},
year = {1997}
}
@article{Vohralik2008,
author = {Vohralik, P. F. and Randeniya, L. K. and Plumb, Ian C. and Baughcum, S. L.},
doi = {10.1029/2007JD008982},
file = {:C\:/Users/kt16229/Downloads/2007JD008982.pdf:pdf},
issn = {01480227},
journal = {Journal of Geophysical Research Atmospheres},
keywords = {http://dx.doi.org/10.1029/2007JD008982, doi:10.102},
number = {5},
pages = {1--21},
title = {{Effect of plume processes on aircraft impact}},
volume = {113},
year = {2008}
}
@article{Fritz2020,
author = {Fritz, Thibaud M. and Eastham, Sebastian D. and Speth, Raymond L. and Barrett, Steven R.H.},
doi = {10.5194/acp-20-5697-2020},
journal = {Atmospheric Chemistry and Physics},
number = {9},
pages = {5697--5727},
title = {{The role of plume-scale processes in long-term impacts of aircraft emissions}},
volume = {20},
year = {2020}
}
@misc{FritzConvo,
author = "Fritz, Thibaud M",
  date = "04-02-2021",
  howpublished = "personal communication"
}
@mastersthesis{Fritz2018,
author = {Fritz, Thibaud M.},
title = {{Micro-Physical Modeling of Aircraft Exhaust Plumes and Condensation Trails}},
year = {2018},
school = {Massachusetts Institute of Technology}
}
@techreport{EUROCONTROL2001,
author = {Celikel, Ayce and Jelinek, Frank},
year = {2001},
title = {{Forecasting Civil Aviation Fuel Burn and Emissions in Europe}},
institution = {{EUROCONTROL Experimental Centre}}
}
@article{Emmons2000,
author = {Emmons, Louisa K. and Hauglustaine, Didier A. and M{\"{u}}ller, Jean-Fran{\c{c}}ois and Carroll, Mary Anne and Brasseur, Guy P. and Brunner, Dominik and Staehelin, Johannes and Thouret, Valerie and Marenco, Alain},
doi = {10.1029/2000JD900232},
journal = {Journal of Geophysical Research: Atmospheres},
month = {aug},
number = {D16},
pages = {20497--20538},
title = {{Data composites of airborne observations of tropospheric ozone and its precursors}},
url = {http://doi.wiley.com/10.1029/2000JD900232},
volume = {105},
year = {2000}
}
@article{Emmons2010,
author = {Emmons, L. K. and Walters, S. and Hess, P. G. and Lamarque, J.-F. and Pfister, G. G. and Fillmore, D. and Granier, C. and Guenther, A. and Kinnison, D. and Laepple, T. and Orlando, J. and Tie, X. and Tyndall, G. and Wiedinmyer, C. and Baughcum, S. L. and Kloster, S.},
doi = {10.5194/gmd-3-43-2010},
journal = {Geoscientific Model Development},
month = {jan},
number = {1},
pages = {43--67},
title = {{Description and evaluation of the Model for Ozone and Related chemical Tracers, version 4 (MOZART-4)}},
url = {https://gmd.copernicus.org/articles/3/43/2010/},
volume = {3},
year = {2010}
}
@article{Roelofs2003,
author = {Roelofs, G. J.},
doi = {10.1029/2003JD003462},
journal = {Journal of Geophysical Research},
keywords = {Numerical modeling,Stratosphere-troposphere exchange,Tropospheric ozone},
number = {D12},
pages = {8529},
title = {{Intercomparison of tropospheric ozone models: Ozone transport in a complex tropopause folding event}},
url = {http://doi.wiley.com/10.1029/2003JD003462},
volume = {108},
year = {2003}
}
@phdthesis{Freeman2017,
author = {Freeman, S. J. and Lim, L. L. and Lee, D. S.},
school = {Manchester Metropolitan University},
title = {{Examining the effect of aviation NOx emissions as a short-lived climate-forcer: Assessing the linearity of the NOx -O3 chemical system}},
year = {2017}
}
@article{Schanz2021,
author = {Schanz, Ansgar and Hocke, Klemens and K{\"{a}}mpfer, Niklaus and Chabrillat, Simon and Inness, Antje and Palm, Mathias and Notholt, Justus and Boyd, Ian and Parrish, Alan and Kasai, Yasuko},
title = {{The Diurnal Variation in Stratospheric Ozone from MACC Reanalysis , ERA-Interim , WACCM , and Earth Observation Data : Characteristics and Intercomparison}},
year = {2021}
}
@article{Inness2013,
author = {Inness, A and Baier, F and Benedetti, A and Bouarar, I and Chabrillat, S and Clark, H and Clerbaux, C and Coheur, P and Engelen, R. J. and Errera, Q. and Flemming, J. and George, M. and Granier, C. and Hadji-Lazaro, J. and Huijnen, V. and Hurtmans, D. and Jones, L. and Kaiser, J. W. and Kapsomenakis, J. and Lefever, K. and Leit{\~{a}}o, J. and Razinger, M. and Richter, A. and Schultz, M. G. and Simmons, A. J. and Suttie, M. and Stein, O. and Th{\'{e}}paut, J. N. and Thouret, V. and Vrekoussis, M. and Zerefos, C.},
booktitle = {Atmospheric Chemistry and Physics},
doi = {10.5194/acp-13-4073-2013},
number = {8},
pages = {4073--4109},
title = {{The MACC reanalysis: An 8 yr data set of atmospheric composition}},
volume = {13},
year = {2013}
}
@article{Lewellen1998,
author = {Lewellen, D. C. and Lewellen, W. S. and Poole, L. R. and DeCoursey, R. J. and Hansen, G. M. and Hostetler, C. A. and Kent, G. S.},
doi = {10.2514/2.535},
file = {:C\:/Users/kt16229/Downloads/Lewellen1998.pdf:pdf},
issn = {00011452},
journal = {AIAA Journal},
number = {8},
pages = {1439--1445},
title = {{Large-eddy simulations and lidar measurements of vortex-pair breakup in aircraft wakes}},
volume = {36},
year = {1998}
}
@article{Paoli2008,
author = {Paoli, Roberto},
doi = {10.1127/0941-2948/2008/0278},
number = {April},
title = {{Large-eddy simulation of a turbulent jet and a vortex sheet interaction : particle formation and evolution in the near field of an aircraft wake}},
year = {2008}
}
@article{Durbeck1995,
author = {D{\"{u}}rbeck, Tilman and Gerz, Thomas},
doi = {10.1029/95GL03021},
journal = {Geophysical Research Letters},
number = {23},
pages = {3203--3206},
title = {{Large‐eddy simulation of aircraft exhaust plumes in the free atmosphere: Effective diffusivities and cross‐sections}},
volume = {22},
year = {1995}
}
@article{Durbeck1996,
author = {D{\"{u}}rbeck, Tilman and Gerz, Thomas},
doi = {10.1029/96jd02217},
file = {:C\:/Users/kt16229/Downloads/96JD02217 (1).pdf:pdf},
issn = {01480227},
journal = {Journal of Geophysical Research Atmospheres},
number = {20},
pages = {26007--26015},
title = {{Dispersion of aircraft exhausts in the free atmosphere}},
volume = {101},
year = {1996}
}
@phdthesis{Meijer2001,
title = {{Modelling the impact of subsonic aviation on the composition of the atmosphere}},
author = {E.W. Meijer},
year = {2001},
doi = {10.6100/IR550468},
publisher = {{Technische Universiteit Eindhoven}},
school = {Applied Physics},
}
@article{Melo1978,
author = {Melo, O. T. and Lusis, M. A. and Stevens, R. D. S},
year = {1978},
journal = {Atmospheric Environment},
volume = {12},
pages = {1231--1234}
}
@book{SecretariatGeneral2016,
author = {{Secretariat General}},
number = {July},
pages = {18},
title = {{Annex 11 Environment}},
year = {2016}
}
@article{Krozel2007,
author = {Krozel, Jimmy and Mitchell, Joseph S.B. and Polishchuk, Valentin and Prete, Joseph},
doi = {10.2514/6.2007-6451},
journal = {Collection of Technical Papers - AIAA Guidance, Navigation, and Control Conference 2007},
pages = {1518--1532},
title = {{Capacity estimation for airspaces with convective weather constraints}},
volume = {2},
year = {2007}
}
@article{Mitchell2006,
author = {Mitchell, Joseph S.B. and Polishchuk, Valentin and Krozel, Jimmy},
doi = {10.2514/6.2006-6770},
journal = {Collection of Technical Papers - AIAA Guidance, Navigation, and Control Conference 2006},
number = {August},
pages = {5070--5088},
title = {{Airspace throughput analysis considering stochastic weather}},
volume = {8},
year = {2006}
}
@misc{weather_delay_2021, 
url={https://www.faa.gov/nextgen/programs/weather/faq/#faq1}, 
title ={FAQ: Weather Delay}, 
author = {{Federal Aviation Administration}},
year={2021}, 
month={Mar}
} 
@article{Zhang2012,
author = {Zhang, Wei and Kamgarpour, Maryam and Sun, Dengfeng and Tomlin, Claire J.},
doi = {10.1109/JPROC.2011.2161243},
journal = {Proceedings of the IEEE},
number = {1},
pages = {179--194},
publisher = {IEEE},
title = {{A hierarchical flight planning framework for air traffic management}},
volume = {100},
year = {2012}
}
@article{Baumgartner2007,
author = {Baumgartner, Marc and Cook, Andrew and Dennis, Nigel and Houtte, Ben Van and Majumdar, Arnab and Pilon, Nadine and Tanner, Graham and Williams, Victoria},
file = {:C\:/Users/kt16229/Downloads/Andrew Cook - European Air Traffic Management_ Principles, Practice and Research (2007, Routledge) - libgen.lc.pdf:pdf},
isbn = {9780754672951},
pages = {255},
title = {{European Air Traffic Management: Principles, Practice and Research}},
year = {2007}
}
@book{ICAOPANSDoc44442016,
author = {{International Civil Aviation Authority}},
title = {{Doc 4444 - Air Traffic Management - Procedures for Air Navigation Services}},
year = {2016},
edition = {16}
}
@article{Majumdar2004,
author = {Majumdar, Arnab and Ochieng, Washington Y. and McAuley, G{\'{e}}rard and Lenzi, Jean Michel and Lepadatu, Catalin},
doi = {10.1017/S0373463304002863},
file = {:C\:/Users/kt16229/Downloads/the-factors-affecting-airspace-capacity-in-europe-a-cross-sectional-time-series-analysis-using-simulated-controller-workload-data.pdf:pdf},
issn = {03734633},
journal = {Journal of Navigation},
keywords = {Air Traffic Control,Capacity,Workload},
number = {3},
pages = {385--405},
title = {{The factors affecting airspace capacity in Europe: A cross-sectional time-series analysis using simulated controller workload data}},
volume = {57},
year = {2004}
}
@article{Welch2007,
author = {Welch, Jerry D. and Andrews, John W. and Martin, Brian D. and Sridhar, Banavar},
file = {:C\:/Users/kt16229/Downloads/Welch, Sridhar 2007.pdf:pdf},
journal = {Proceedings of the 7th USA/Europe Air Traffic Management Research and Development Seminar, ATM 2007},
pages = {94--103},
title = {{Macroscopic workload model for estimating en route sector capacity}},
year = {2007}
}
@incollection{Odoni1987,
booktitle = {Flow control of congested networks},
publisher = {Springer-Verlag Berlin Heidelberg},
pages = {269--288},
title = {{The Flow Management Problem in Air Traffic Control}},
volume = {38},
year = {1987}
}
@article{Bilimoria1996,
author = {Bilimoria, Karl D. and Sridhar, Banavar and Chatterji, Gano B.},
doi = {10.2514/6.1996-3767},
file = {:C\:/Users/kt16229/Downloads/6.1996-3767.pdf:pdf},
journal = {1996 Guidance, Navigation, and Control Conference and Exhibit},
number = {July},
pages = {1--12},
title = {{Effects of conflict resolution maneuvers and traffic density on free flight}},
year = {1996}
}
@inbook{FAA2017,
title = {{Instrument Procedures Handbook (IPH)}},
author = {{Federal Aviation Administration}},
year = {2017},
chapter = {2. En Route Operations}
}

@misc{NATS_NAFC, 
 title = {North Atlantic Skies – The gateway to Europe}, 
howpublished = {\url{https://nats.aero/blog/2014/06/north-atlantic-skies-gateway-europe/}}, 
 journal = {NATS Blog}, 
 author = {Brunton, Jim}, 
 year = {2014}, 
 month = {Aug}
 } 
@inbook{EnRouteOperations,
author = {{US Federal Aviation Administration (FAA)}},
booktitle = {Instrument Procedures Handbook},
chapter = 2,
title = {{En Route Operations}},
url = {https://www.faa.gov/regulations_policies/handbooks_manuals/aviation/instrument_procedures_handbook/},
year = {2017}
}
@article{Soler2015,
author = {Soler, Manuel and Olivares, Alberto and Staffetti, Ernesto},
doi = {10.2514/1.C032697},
file = {:C\:/Users/kt16229/Downloads/Soler 2015.pdf:pdf},
issn = {15333868},
journal = {Journal of Aircraft},
number = {1},
pages = {274--286},
title = {{Multiphase optimal control framework for commercial aircraft four-dimensional flight-planning problems}},
volume = {52},
year = {2015}
}
@misc{Altus,
author = {Altus, Steve},
file = {:C\:/Users/kt16229/Downloads/AERO_Q309_article08.pdf:pdf},
title = {{Effective Flight Plans Can Help Airlines Economize}},
howpublished = {\url{https://www.boeing.com/commercial/aeromagazine/articles/qtr_03_09/pdfs/AERO_Q309_article08.pdf}}
}
@article{Gardi2016,
author = {Gardi, Alessandro and Sabatini, Roberto and Ramasamy, Subramanian},
journal = {Progress in Aerospace Sciences},
doi = {10.1016/j.paerosci.2015.11.006},
title = {{Multi-objective optimisation of aircraft flight trajectories in the ATM and avionics context}},
volume = {83},
pages = {1--36},
year = {2016}
}
@article{Wasiuk2016,
author = {Wasiuk, Donata K and Khan, Anwar H and Shallcross, Dudley E and Lowenberg, Mark H},
doi = {10.3390/atmos7060078},
file = {:C\:/Users/kt16229/Downloads/atmosphere-07-00078 (1).pdf:pdf},
keywords = {aircraft no x emissions,fuel burn,geographical distribution,global and regional aviation},
volume = {7},
pages = {78},
title = {{A Commercial Aircraft Fuel Burn and Emissions}},
year = {2016}
}
@article{Murrieta-Mendoza2014,
author = {Murrieta-Mendoza, Alejandro and Botez, Ruxandra},
doi = {10.1115/IMECE2014-37570},
isbn = {9780791846421},
journal = {ASME International Mechanical Engineering Congress and Exposition, Proceedings (IMECE)},
keywords = {IMECE2014-37570},
pages = {1--9},
title = {{Lateral navigation optimization considering winds and temperatures for fixed altitude cruise using Dijsktra's algorithm}},
volume = {1},
year = {2014}
}
@inproceedings{Ng2012,
author = {Ng, Hok K. and Sridhar, Banavar and Grabbe, Shon},
booktitle = {2012 IEEE/AIAA 31st Digital Avionics Systems Conference (DASC)},
publisher = {IEEE},
title = {{A practical approach for optimizing aircraft trajectories in winds}},
url = {http://ieeexplore.ieee.org/document/6382319/},
year = {2012}
}
@article{Olsen2013,
author = {Olsen, S. C. and Wuebbles, D. J. and Owen, B.},
doi = {10.5194/acp-13-429-2013},
file = {:C\:/Users/kt16229/Downloads/acp-13-429-2013.pdf:pdf},
issn = {16807316},
journal = {Atmospheric Chemistry and Physics},
number = {1},
pages = {429--441},
title = {{Comparison of global 3-D aviation emissions datasets}},
volume = {13},
year = {2013}
}
@misc{NOTAMS,
title = {North Atlantic Tracks - Flight Plan database},
howpublished = {\url{https://flightplandatabase.com/nav/NATS}}
}
@article{Karcher1998,
author = {K{\"{a}}rcher, B. and Meilinger, S. K.},
doi = {10.1029/1998GL900183},
file = {:C\:/Users/kt16229/Downloads/Perturbation_of_the_Aerosol_Layer_by_Aviation-Prod.pdf:pdf},
issn = {00948276},
journal = {Geophysical Research Letters},
number = {24},
pages = {4465--4468},
title = {{Perturbation of the aerosol layer by aviation-produced aerosols: A parametrization of plume processes}},
volume = {25},
year = {1998}
}
@misc{World_databank, 
title = {Air transport, passengers carried}, 
howpublished = {\url{https://data.worldbank.org/indicator/IS.AIR.PSGR}}, 
journal = {The World Bank}
} 
@article{Schumann2000,
author = {Schumann, U. and Schlager, H. and Arnold, F. and Ovarlez, J. and Kelder, H. and Hov and Hayman, G. and Isaksen, I. S.A. and Staehelin, J. and Whitefield, P. D.},
doi = {10.1029/1999JD900941},
file = {:C\:/Users/kt16229/Downloads/1999JD900941.pdf:pdf},
issn = {01480227},
journal = {Journal of Geophysical Research Atmospheres},
keywords = {http://dx.doi.org/10.1029/1999JD900941, doi:10.102},
number = {D3},
pages = {3605--3631},
title = {{Pollution from aircraft emissions in the North Atlantic flight corridor: Overview on the POLINAT projects}},
volume = {105},
year = {2000}
}
@article{Schlager1997,
author = {Schlager, H and Konopka, P and Schulte, P and Schumann, U and Ziereis, H and Arnold, F and Klemm, M and Hagen, D E and Whitefield, P D and Ovarlez, J},
doi = {10.1029/96JD03748},
file = {:C\:/Users/kt16229/Downloads/Schlager 1997.pdf:pdf},
journal = {Journal of Geophysical Research},
keywords = {doi:10.1029/96JD03748,http://dx.doi.org/10.1029/96JD03748},
number = {9},
pages = {10739--10750},
title = {{In situ observations of air traffic emission signatures in the North Atlantic flight corridor}},
volume = {102},
year = {1997}
}
@article{Thompson1992,
author = {Thompson, Anne M},
doi = {10.1126/science.256.5060.1157},
journal = {Science},
number = {5060},
pages = {1157--1165},
title = {{The oxidizing capacity of the Earth's atmosphere: Probable past and future changes}},
url = {https://www.science.org/doi/10.1126/science.256.5060.1157},
volume = {256},
year = {1992}
}
@article{Gunz1990,
author = {Gunz, Dieter W and Hoffmann, Michael R},
doi = {10.1016/0960-1686(90)90496-A},
journal = {Atmospheric Environment. Part A. General Topics},
number = {7},
pages = {1601--1633},
title = {{Atmospheric chemistry of peroxides: a review}},
url = {https://www.cambridge.org/core/product/identifier/S0022226700013931/type/journal_article https://linkinghub.elsevier.com/retrieve/pii/096016869090496A},
volume = {24},
year = {1990}
}
@article{Karcher1999,
author = {K{\"{a}}rcher, B},
doi = {10.1023/A:1006600107117},
journal = {Surveys in Geophysics},
number = {2},
pages = {113--167},
title = {{Aviation-produced aerosols and contrails}},
url = {https://www.cambridge.org/core/product/identifier/S0022226700013931/type/journal_article https://linkinghub.elsevier.com/retrieve/pii/096016869090496A},
volume = {20},
year = {1999}
}
@article{Thompson2000,
author = {Thompson, Anne M. and Singh, Hanwant B. and Schlager, Hans},
doi = {10.1029/2000JD900012},
file = {:C\:/Users/kt16229/Downloads/2000JD900012.pdf:pdf},
issn = {21698996},
journal = {Journal of Geophysical Research: Atmospheres},
keywords = {http://dx.doi.org/10.1029/2000JD900012, doi:10.102},
number = {D3},
pages = {3595--3603},
title = {{Introduction to special section: Subsonic assessment ozone and nitrogen oxide experiment (SONEX) and Pollution from aircraft emissions in the north atlantic flight corridor (POLINAT 2)}},
volume = {105},
year = {2000}
}
@inbook{IPCC1999,
title = {{Aviation and the Global Atmosphere}},
chapter = 2,
author = {Penner, J.E. and Lister, D.H. and Griggs, D.J. and Dokken, D.J. and McFarland, M},
publisher = {{Cambridge University Press}},
year = {1999}
}
@article{Fuglestvedt2003,
author = {Fuglestvedt, Jan S. and Berntsen, Terje K. and Godal, Odd and Sausen, Robert and Shine, Keith P. and Skodvin, Tora},
doi = {10.1023/A:1023905326842},
journal = {Climatic Change},
number = {3},
pages = {267--331},
title = {{Metrics of climate change: Assessing radiative forcing and emission indices}},
volume = {58},
year = {2003}
}
@article{Schneider1989,
author = {Stephen H. Schneider },
title = {The Greenhouse Effect: Science and Policy},
journal = {Science},
volume = {243},
number = {4892},
pages = {771-781},
year = {1989},
doi = {10.1126/science.243.4892.771},
URL = {https://www.science.org/doi/abs/10.1126/science.243.4892.771}
 }
@article{Archer2008,
author = {Archer, David and Brovkin, Victor},
booktitle = {Climatic Change},
doi = {10.1007/s10584-008-9413-1},
number = {3},
pages = {283--297},
title = {{The millennial atmospheric lifetime of anthropogenic CO2}},
volume = {90},
year = {2008}
}
@article{Schumann2005,
author = {Schumann, Ulrich},
doi = {10.1016/j.crhy.2005.05.002},
journal = {Comptes Rendus Physique},
keywords = {Aircraft,Cirrus,Climate,Contrails,Emissions,Mitigation,Particles},
month = {may},
number = {4-5},
pages = {549--565},
title = {{Formation, properties and climatic effects of contrails}},
url = {https://linkinghub.elsevier.com/retrieve/pii/S1631070505000563},
volume = {6},
year = {2005}
}
@article{Lee2021,
author = {Lee, D.S. and Fahey, D.W. and Skowron, A. and Allen, M.R. and Burkhardt, U. and Chen, Q. and Doherty, S.J. and Freeman, S. and Forster, P.M. and Fuglestvedt, J. and Gettelman, A. and {De Le{\'{o}}n}, R.R. and Lim, L.L. and Lund, M.T. and Millar, R.J. and Owen, B. and Penner, J.E. and Pitari, G. and Prather, M.J. and Sausen, R. and Wilcox, L.J.},
doi = {10.1016/j.atmosenv.2020.117834},
journal = {Atmospheric Environment},
keywords = {Aviation,CO2,Climate,Contrail cirrus,NOx,Radiative forcing},
month = {jan},
number = {July 2020},
pages = {117834},
title = {{The contribution of global aviation to anthropogenic climate forcing for 2000 to 2018}},
url = {https://linkinghub.elsevier.com/retrieve/pii/S1352231020305689},
volume = {244},
year = {2021}
}

@article{Spichtinger2016,
author = {Spichtinger, Peter and Leschner, Martin},
title = {{Tellus B : Chemical and Physical Meteorology Horizontal scales of ice-supersaturated regions}},
volume = {0889},
year = {2016}
}
@article{Dickson2010,
journal = {DLR Deutsches Zentrum fur Luft- und Raumfahrt e.V. - Forschungsberichte},
number = {10},
pages = {239--243},
title = {{Vertical spatial scales of ice supersaturation and probability of ice supersaturated layers in low resolution profiles of relative humidity}},
year = {2010}
}
@inbook{Bockhorn1994,
author = {Bockhorn, Henning},
title = {{Soot Formation in Combustion}},
publisher = {Springer, Berlin, Heidelberg},
year = {1994}
}
@article{Burkhardt2011,
author = {Burkhardt, Ulrike and K{\"{a}}rcher, Bernd},
doi = {10.1038/nclimate1068},
journal = {Nature Climate Change},
number = {1},
pages = {54--58},
publisher = {Nature Publishing Group},
title = {{Global radiative forcing from contrail cirrus}},
volume = {1},
year = {2011}
}
@article{Schumann1997b,
author = {Schumann, Ulrich},
journal = {Meteorol. Zeitschrift},
pages = {304--305},
title = {{Contrails - a prototype of cirrus cloud studies since 80 years}},
volume = {6},
year = {1997},
publisher = {Gebr{\"u}der Borntraeger}
}
@Article{Schumann1996,
author = "Schumann, Ulrich",
journal = "Meteorologische Zeitschrift",
year = 1996,
title = "On conditions for contrail formation from aircraft exhausts",
number = "1",
volume = "5",
pages = {4-23},
url = "http://dx.doi.org/10.1127/metz/5/1996/4",
doi = "10.1127/metz/5/1996/4",
publisher = "Schweizerbart Science Publishers",
}
@mastersthesis{Tait2020,
author = {Tait, Kieran},
institution = {University of Bristol},
title = {{Assessing the effectiveness of contrail diversion schemes in mitigating aviation-induced climate change}},
year = {2020}
}
@inproceedings{Schumann2011,
author = {Schumann, Ulrich and Graf, Kaspar and Mannstein, Hermann},
booktitle = {3rd AIAA Atmospheric Space Environments Conference},
doi = {10.2514/6.2011-3376},
isbn = {978-1-62410-143-4},
month = {jun},
publisher = {American Institute of Aeronautics and Astronautics},
title = {{Potential to reduce the climate impact of aviation by flight level changes}},
url = {https://arc.aiaa.org/doi/10.2514/6.2011-3376},
year = {2011}
}
@article{Schmidt1941,
          author = {Ernst Schmidt},
          volume = {5},
            year = {1941},
           title = {Die Entstehung von Eisnebel aus den Auspuffgasen von Flugmotoren},
          series = {Schriften der Deutschen Akademie der Luftfahrtforschung},
       publisher = {Verlag R. Oldenbourg, M{\"u}nchen},
           pages = {1--15},
          number = {44},
         journal = {Schriften der Deutschen Akademie der Luftfahrtforschung}
}
@article{Minnis1998,
author = {Minnis, Patrick and Young, David F. and Garber, Donald P. and Nguyen, Louis and Smith, William L. and Palikonda, Rabindra},
doi = {10.1029/97GL03314},
journal = {Geophysical Research Letters},
number = {8},
pages = {1157--1160},
title = {{Transformation of contrails into cirrus during SUCCESS}},
volume = {25},
year = {1998}
}
@article{Jensen1996,
author = {Jensen, Eric J. and Toon, Owen B. and Pfister, Leonard and Selkirk, Henry B.},
doi = {10.1029/96GL00722},
journal = {Geophysical Research Letters},
number = {8},
pages = {825--828},
title = {{Dehydration of the upper troposphere and lower stratosphere by subvisible cirrus clouds near the tropical tropopause}},
volume = {23},
year = {1996}
}
@article{Stenke2005,
author = {Stenke, Andrea and Grewe, V},
doi = {10.5194/acp-5-1257-2005},
journal = {Atmospheric Chemistry and Physics},
number = {5},
pages = {1257--1272},
title = {{Simulation of stratospheric water vapor trends: Impact on stratospheric ozone chemistry}},
volume = {5},
year = {2005}
}
@article{MiakeLye1993,
author = {Miake-Lye, R. C. and Martinez-Sanchez, M. and Brown, R. C. and Kolb, C. E.},
doi = {10.2514/3.46368},
journal = {Journal of Aircraft},
month = {jul},
number = {4},
pages = {467--479},
title = {{Plume and wake dynamics, mixing, and chemistry behind a high speed civil transport aircraft}},
url = {https://arc.aiaa.org/doi/10.2514/3.46368},
volume = {30},
year = {1993}
}
@article{Grooss1998,
author = {Groo{\ss}, Jens-uwe and Br{\"{u}}hl, Christoph and Peter, Thomas},
doi = {10.1016/S1352-2310(98)00016-8},
journal = {Atmospheric Environment},
number = {18},
pages = {3173--3184},
title = {{Impact of aircraft emissions on tropospheric and stratospheric ozone. Part I}},
url = {https://linkinghub.elsevier.com/retrieve/pii/S1352231098000168},
volume = {32},
year = {1998}
}
@techreport{Kawa1999,
  title={Assessment of the effects of high-speed aircraft in the stratosphere: 1998},
  author={Kawa, S Randolph and Anderson, James G and Baughcum, Steven L and Brock, Charles A and Brune, William H and Cohen, Ronald C and Kinnison, Douglas E and Newman, Paul A and Rodriguez, Jose M and Stolarski, Richard S and others},
  year={1999},
institution = {National Aeronautics and Space Administration}
}
@inbook{Randall2007,
author = {Randall, D.A. and Wood, R.A. and Bony, Sandrine and Colman, R. and Fichefet, T. and Fyfe, J. and Kattsov, V. and Pitman, A. and Srinivasan, Jayaraman and Ronald, Stouffer and Sumi, Akimasa and Taylor, K.E.},
year = {2007},
pages = {590--662},
title = {Climate Models and Their Evaluation},
book = {Climate Change 2007: The Physical Science Basis. Contribution of Working Group I to the fourth Assessment Report of the Intergovernmental Panel ond climate Change}
}
@article{Wilkerson2010,
author = {Wilkerson, J. T. and Jacobson, M. Z. and Malwitz, A. and Balasubramanian, S. and Wayson, R. and Fleming, G. and Naiman, A. D. and Lele, S. K.},
doi = {10.5194/acp-10-6391-2010},
journal = {Atmospheric Chemistry and Physics},
month = {jul},
number = {13},
pages = {6391--6408},
title = {{Analysis of emission data from global commercial aviation: 2004 and 2006}},
url = {https://acp.copernicus.org/articles/10/6391/2010/},
volume = {10},
year = {2010}
}
@article{Fuglestvedt2010,
author = {Fuglestvedt, J.S. and Shine, K.P. and Berntsen, T. and Cook, J. and Lee, D.S. and Stenke, A. and Skeie, R.B. and Velders, G.J.M. and Waitz, I.A.},
doi = {10.1016/j.atmosenv.2009.04.044},
journal = {Atmospheric Environment},
number = {37},
pages = {4648--4677},
publisher = {Elsevier Ltd},
title = {{Transport impacts on atmosphere and climate: Metrics}},
url = {http://dx.doi.org/10.1016/j.atmosenv.2009.04.044 https://linkinghub.elsevier.com/retrieve/pii/S1352231009003653},
volume = {44},
year = {2010}
}
@article{Cain2019,
author = {Cain, Michelle and Lynch, John and Allen, Myles R. and Fuglestvedt, Jan S. and Frame, David J. and Macey, Adrian H.},
doi = {10.1038/s41612-019-0086-4},
journal = {npj Climate and Atmospheric Science},
number = {1},
pages = {29},
publisher = {Springer US},
title = {{Improved calculation of warming-equivalent emissions for short-lived climate pollutants}},
url = {http://dx.doi.org/10.1038/s41612-019-0086-4 http://www.nature.com/articles/s41612-019-0086-4},
volume = {2},
year = {2019}
}
@article{Stevens2013,
author = {Stevens, Bjorn and Giorgetta, Marco and Esch, Monika and Mauritsen, Thorsten and Crueger, Traute and Rast, Sebastian and Salzmann, Marc and Schmidt, Hauke and Bader, J{\"{u}}rgen and Block, Karoline and Brokopf, Renate and Fast, Irina and Kinne, Stefan and Kornblueh, Luis and Lohmann, Ulrike and Pincus, Robert and Reichler, Thomas and Roeckner, Erich},
doi = {10.1002/jame.20015},
journal = {Journal of Advances in Modeling Earth Systems},
keywords = {climate,climate change,cloud feedback,general circulation model,resolution},
number = {2},
pages = {146--172},
title = {{Atmospheric component of the MPI-M earth system model: ECHAM6}},
volume = {5},
year = {2013}
}
@article{Gauss2003,
author = {Gauss, M. and Isaken, I. S.A. and Wong, S. and Wang, W. C.},
doi = {10.1029/2002jd002623},
journal = {Journal of Geophysical Research: Atmospheres},
number = {10},
pages = {1--11},
title = {{Impact of H2O emissions from cryoplanes and kerosene aircraft on the atmosphere}},
volume = {108},
year = {2003}
}

@article{Karcher2018,
author = {K{\"{a}}rcher, Bernd},
doi = {10.1038/s41467-018-04068-0},
journal = {Nature Communications},
month = {dec},
number = {1},
pages = {1824},
title = {{Formation and radiative forcing of contrail cirrus}},
url = {http://www.nature.com/articles/s41467-018-04068-0},
volume = {9},
year = {2018}
}
@article{Newinger2012,
author = {Newinger, Christina and Burkhardt, Ulrike},
doi = {10.1029/2011JD016736},
journal = {Journal of Geophysical Research Atmospheres},
number = {10},
pages = {1--12},
title = {{Sensitivity of contrail cirrus radiative forcing to air traffic scheduling}},
volume = {117},
year = {2012}
}
@article{Karcher2015,
author = {K{\"{a}}rcher, B. and Burkhardt, U. and Bier, A. and Bock, L. and Ford, I. J.},
doi = {10.1002/2015JD023491},
journal = {Journal of Geophysical Research: Atmospheres},
number = {15},
pages = {7893--7927},
title = {{The microphysical pathway to contrail formation}},
url = {https://onlinelibrary.wiley.com/doi/10.1002/2015JD023491},
volume = {120},
year = {2015}
}
@article{Bock2019,
author = {Bock, Lisa and Burkhardt, Ulrike},
doi = {10.5194/acp-2018-1294},
journal = {Atmospheric Chemistry and Physics Discussions},
pages = {1--22},
title = {{Contrail cirrus radiative forcing for future air traffic}},
year = {2019}
}
@techreport{Neale2004,
author = {Neale, Richard B and Chen, Chih-chieh and Lauritzen, Peter H and Williamson, David L and Conley, Andrew J and Smith, Anne K and Mills, Mike and Morrison, Hugh},
institution = {National Center for Atmospheric Research (NCAR)},
title = {{Description of the NCAR Community Atmosphere Model (CAM 5.0)}},
year = {2004}
}
@phdthesis{Cooke2010,
author = {Cooke, Mike},
title = {{Global Modelling of Atmospheric Trace Gases using the CRI Mechanism}},
year = {2010},
school = {University of Bristol}
}
@article{Jenkin2008,
author = {Jenkin, M.E. and Watson, L.A. and Utembe, S.R. and Shallcross, D.E.},
doi = {10.1016/j.atmosenv.2008.07.028},
journal = {Atmospheric Environment},
number = {31},
pages = {7185--7195},
title = {{A Common Representative Intermediates (CRI) mechanism for VOC degradation. Part 1: Gas phase mechanism development}},
url = {https://linkinghub.elsevier.com/retrieve/pii/S1352231008006742},
volume = {42},
year = {2008}
}

@article{Schumann2017,
author = {Schumann, Ulrich and Heymsfield, Andrew J.},
doi = {10.1175/AMSMONOGRAPHS-D-16-0005.1},
journal = {Meteorological Monographs},
number = {Brewer 2000},
pages = {3.1--3.24},
title = {{On the Life Cycle of Individual Contrails and Contrail Cirrus}},
url = {https://journals.ametsoc.org/mono/article/28245/On-the-Life-Cycle-of-Individual-Contrails-and http://journals.ametsoc.org/doi/10.1175/AMSMONOGRAPHS-D-16-0005.1},
volume = {58},
year = {2017}
}
@inbook{Myhre2013, 
title={Anthropogenic and Natural Radiative Forcing},
DOI={10.1017/CBO9781107415324.018}, 
booktitle={Climate Change 2013 – The Physical Science Basis: Working Group I Contribution to the Fifth Assessment Report of the Intergovernmental Panel on Climate Change}, 
publisher={Cambridge University Press}, 
author={Intergovernmental Panel on Climate Change}, 
year={2014}, 
pages={659–740}
}
@article{Stevenson2004,
author = {Stevenson, David S and Doherty, Ruth M and Sanderson, Michael G and Collins, William J and Johnson, Colin E and Derwent, Richard G},
doi = {10.1029/2004JD004759},
journal = {Journal of Geophysical Research D: Atmospheres},
keywords = {Aircraft NOx emissions,Radiative forcing},
number = {17},
title = {{Radiative forcing from aircraft NOx emissions: Mechanisms and seasonal dependence}},
volume = {109},
year = {2004}
}
@article{Wild2001,
author = {Wild, O. and Prather, M. J. and Akimoto, H.},
journal = {October},
number = {9},
pages = {1719--1722},
title = {{Indirect from long-term global radiative emissions cooling}},
volume = {28},
year = {2001}
}
@article{Myhre2011,
author = {Myhre, G. and Shine, K.P. and R{\"{a}}del, G. and Gauss, M. and Isaksen, I.S.A. and Tang, Q. and Prather, M.J. and Williams, J.E. and van Velthoven, P. and Dessens, O. and Koffi, B. and Szopa, S. and Hoor, P. and Grewe, V. and Borken-Kleefeld, J. and Berntsen, T.K. and Fuglestvedt, J.S.},
doi = {10.1016/j.atmosenv.2010.10.001},
journal = {Atmospheric Environment},
keywords = {Aviation,GTP,GWP,Radiative forcing,Road transport,Shipping},
month = {jan},
number = {2},
pages = {387--394},
title = {{Radiative forcing due to changes in ozone and methane caused by the transport sector}},
url = {https://linkinghub.elsevier.com/retrieve/pii/S1352231010008629},
volume = {45},
year = {2011}
}
@article{Holmes2011,
author = {Holmes, Christopher D. and Tang, Qi and Prather, Michael J.},
doi = {10.1073/pnas.1101458108},
journal = {Proceedings of the National Academy of Sciences},
number = {27},
pages = {10997--11002},
title = {{Uncertainties in climate assessment for the case of aviation NO}},
url = {http://www.pnas.org/cgi/doi/10.1073/pnas.1101458108},
volume = {108},
year = {2011}
}
@article{Myhre2007,
author = {Myhre, Gunnar and Nilsen, J{\o}rgen S and Gulstad, Line and Shine, Keith P and Rognerud, Bj{\o}rg and Isaksen, Ivar S.A.},
doi = {10.1029/2006GL027472},
journal = {Geophysical Research Letters},
number = {1},
pages = {1--5},
title = {{Radiative forcing due to stratospheric water vapour from CH4 oxidation}},
volume = {34},
year = {2007}
}
@article{Bond2013,
author = {Bond, T. C. and Doherty, S. J. and Fahey, D. W. and Forster, P. M. and Berntsen, T. and DeAngelo, B. J. and Flanner, M. G. and Ghan, S. and K{\"{a}}rcher, B. and Koch, D. and Kinne, S. and Kondo, Y. and Quinn, P. K. and Sarofim, M. C. and Schultz, M. G. and Schulz, M. and Venkataraman, C. and Zhang, H. and Zhang, S. and Bellouin, N. and Guttikunda, S. K. and Hopke, P. K. and Jacobson, M. Z. and Kaiser, J. W. and Klimont, Z. and Lohmann, U. and Schwarz, J. P. and Shindell, D. and Storelvmo, T. and Warren, S. G. and Zender, C. S.},
doi = {10.1002/jgrd.50171},
journal = {Journal of Geophysical Research: Atmospheres},
keywords = {aerosol,black carbon,climate forcing},
month = {jun},
number = {11},
pages = {5380--5552},
title = {{Bounding the role of black carbon in the climate system: A scientific assessment}},
url = {http://doi.wiley.com/10.1002/jgrd.50171},
volume = {118},
year = {2013}
}
@article{Brown1996,
author = {Brown, R. C. and Anderson, M. R. and Miake-Lye, R. C. and Kolb, C. E. and Sorokin, A. A. and Buriko, Y. Y.},
title = {Aircraft exhaust sulfur emissions},
journal = {Geophysical Research Letters},
volume = {23},
number = {24},
pages = {3603-3606},
doi = {https://doi.org/10.1029/96GL03339},
url = {https://agupubs.onlinelibrary.wiley.com/doi/abs/10.1029/96GL03339},
year = {1996}
}
@article{Penner2018,
author = {Penner, Joyce E. and Zhou, Cheng and Garnier, Anne and Mitchell, David L.},
doi = {10.1029/2018JD029204},
journal = {Journal of Geophysical Research: Atmospheres},
keywords = {cirrus cloud formation,climate forcing,gravity waves,heterogeneous ice nuclei},
month = {oct},
number = {20},
pages = {11,652--11,677},
title = {{Anthropogenic Aerosol Indirect Effects in Cirrus Clouds}},
url = {https://onlinelibrary.wiley.com/doi/abs/10.1029/2018JD029204 https://onlinelibrary.wiley.com/doi/10.1029/2018JD029204},
volume = {123},
year = {2018}
}

@article{Gettelman2011,
author = {Gettelman, A and Pan, L L and Randel, W J and Hoor, P and Birner, T and Hegglin, M I},
doi = {10.1029/2011RG000355.1.INTRODUCTION},
file = {:C\:/Users/kt16229/Downloads/Reviews of Geophysics - 2011 - Gettelman - THE EXTRATROPICAL UPPER TROPOSPHERE AND LOWER STRATOSPHERE.pdf:pdf},
isbn = {8755-1209},
issn = {1944-9208},
journal = {Reviews of Geophysics},
number = {3},
pages = {1--31},
title = {{the Extratropical Upper Troposphere and Lower Stratosphere}},
volume = {49},
year = {2011}
}
@article{Schumann1997,
author = {Schumann, Ulrich},
doi = {10.1016/S1352-2310(96)00326-3},
journal = {Atmospheric Environment},
number = {12},
pages = {1723--1733},
title = {{The impact of nitrogen oxides emissions from aircraft upon the atmosphere at flight altitudes - Results from the aeronox project}},
volume = {31},
year = {1997}
}

@article{Hoinka1993,
author = {Hoinka, Klaus P. and Reinhardt, Manfred E.},
number = {D12},
title = {{North Atlantic Air Traffic Within the Lower Stratosphere: Cruising Times and Corresponding Emissions}},
volume = {98},
pages = {23,113--23,131},
year = {1993}
}
@article{Johnson1992,
author = {Johnson, Colin and Henshaw, Jim and Mclnnest, Gordon},
number = {January 1992},
pages = {69--71},
title = {{Impact of aircraft and surface emissions of nitrogen oxides on tropospheric ozone and global warming}},
volume = {355},
year = {1992}
}
@article{Forster2003,
author = {Forster, Caroline},
doi = {10.1029/2002JD002515},
journal = {Journal of Geophysical Research},
number = {D12},
pages = {8524},
title = {{The residence times of aircraft emissions in the stratosphere using a mean emission inventory and emissions along actual flight tracks}},
url = {http://doi.wiley.com/10.1029/2002JD002515},
volume = {108},
year = {2003}
}
@article{Lee2009,
author = {Lee, David S. and Fahey, David W. and Forster, Piers M. and Newton, Peter J. and Wit, Ron C.N. and Lim, Ling L. and Owen, Bethan and Sausen, Robert},
doi = {10.1016/j.atmosenv.2009.04.024},
journal = {Atmospheric Environment},
number = {22-23},
pages = {3520--3537},
title = {{Aviation and global climate change in the 21st century}},
url = {https://linkinghub.elsevier.com/retrieve/pii/S1352231009003574},
volume = {43},
year = {2009}
}
@article{Burkhardt2010,
author = {Burkhardt, Ulrike and K{\"{a}}rcher, Bernd and Schumann, Ulrich},
doi = {10.1175/2009BAMS2656.1},
journal = {Bulletin of the American Meteorological Society},
month = {apr},
number = {4},
pages = {479--484},
title = {{Global Modeling of the Contrail and Contrail Cirrus Climate Impact}},
url = {https://journals.ametsoc.org/doi/10.1175/2009BAMS2656.1},
volume = {91},
year = {2010}
}

@article{Lee2010,
author = {Lee, D.S. and Pitari, G. and Grewe, V. and Gierens, K. and Penner, J.E. and Petzold, A. and Prather, M.J. and Schumann, U. and Bais, A. and Berntsen, T.},
doi = {10.1016/j.atmosenv.2009.06.005},
journal = {Atmospheric Environment},
number = {37},
pages = {4678--4734},
title = {{Transport impacts on atmosphere and climate: Aviation}},
url = {https://linkinghub.elsevier.com/retrieve/pii/S1352231009004956},
volume = {44},
year = {2010}
}
@article{Appleman1953,
author = {Appleman, H.},
doi = {10.1175/1520-0477-34.1.14},
journal = {Bulletin of the American Meteorological Society},
month = {jan},
number = {1},
pages = {14--20},
title = {{The Formation of Exhaust Condensation Trails by Jet Aircraft}},
url = {https://journals.ametsoc.org/doi/10.1175/1520-0477-34.1.14},
volume = {34},
year = {1953}
}
@article{Grewe2002,
author = {Grewe, Volker and Dameris, Martin and Fichter, Christine and Sausen, Robert},
doi = {10.1127/0941-2948/2002/0011-0177},
journal = {Meteorologische Zeitschrift},
month = {aug},
number = {3},
pages = {177--186},
title = {{Impact of aircraft NOx emissions. Part 1: Interactively coupled climate-chemistry simulations and sensitivities to climate-chemistry feedback, lightning and model resolution}},
url = {http://www.schweizerbart.de/papers/metz/detail/11/50641/Impact_of_aircraft_NOx_emissions_Part_1_Interactiv?af=crossref},
volume = {11},
year = {2002}
}
@inproceedings{Dodge1977,
author = {Dodge, MC},
year = {1977},
title = {Combined use of modeling techniques and smog chamber data to derive ozone-precursor relationship},
booktitle = {Proceedings of the international conference on photochemical oxidant pollution and its control},
volume = {2},
pages = {881--889},
publisher = {U.S. Environmental Protection Agency}
}
@article{Wayson2012,
author = {Wayson, Roger L and Fleming, Gregg G and Iovinelli, Ralph and Wayson, Roger L and Fleming, Gregg G and Iovinelli, Ralph and Wayson, Roger L and Fleming, Gregg G},
doi = {10.3155/1047-3289.59.1.91},
file = {:C\:/Users/kt16229/Downloads/Methodology to Estimate Particulate Matter Emissions from Certified Commercial Aircraft Engines.pdf:pdf},
title = {{Methodology to Estimate Particulate Matter Emissions from Certified Commercial Aircraft Engines Methodology to Estimate Particulate Matter Emissions from Certified Commercial Aircraft Engines}},
volume = {2247},
year = {2012}
}
@article{Gettelman2013,
author = {Gettelman, A. and Chen, C.},
doi = {10.1002/grl.50520},
journal = {Geophysical Research Letters},
number = {11},
pages = {2785--2789},
title = {{The climate impact of aviation aerosols}},
url = {http://doi.wiley.com/10.1002/grl.50520},
volume = {40},
year = {2013}
}
@article{Schumann2002,
author = {Schumann, U and Arnold, F and Busen, R and Curtius, J and Ka, B and Kiendler, A and Petzold, A and Wohlfrom, K},
file = {:C\:/Users/kt16229/Downloads/2001JD000813.pdf:pdf},
title = {{Influence of fuel sulfur on the composition of aircraft exhaust plumes : The experiments SULFUR 1 – 7}},
volume = {107},
year = {2002}
}
@article{Monks2005,
author = {Monks, Paul S.},
doi = {10.1039/b307982c},
journal = {Chemical Society Reviews},
number = {5},
pages = {376},
title = {{Gas-phase radical chemistry in the troposphere}},
url = {http://xlink.rsc.org/?DOI=b307982c},
volume = {34},
year = {2005}
}
@article{Prinn2003,
author = {Prinn, Ronald G.},
doi = {10.1146/annurev.energy.28.011503.163425},
journal = {Annual Review of Environment and Resources},
number = {1},
pages = {29--57},
title = {{The Cleansing Capacity of the Atmosphere}},
url = {https://www.annualreviews.org/doi/10.1146/annurev.energy.28.011503.163425},
volume = {28},
year = {2003}
}
@article{Jenkin2000,
title = {Ozone and other secondary photochemical pollutants: chemical processes governing their formation in the planetary boundary layer},
journal = {Atmospheric Environment},
volume = {34},
number = {16},
pages = {2499-2527},
year = {2000},
doi = {https://doi.org/10.1016/S1352-2310(99)00478-1},
url = {https://www.sciencedirect.com/science/article/pii/S1352231099004781},
author = {Michael E. Jenkin and Kevin C. Clemitshaw}
}
@inproceedings{Andrews1997,
author = {Andrews, John W. and Welch, Jerry D.},
year = {1997},
booktitle = {{1st USA/EUROCONTROL ATM Seminar, Saclay, France}}
}
@inbook{Jacob1999,
author = {Jacob, Daniel J.},
title = {Introduction to Atmospheric Chemistry},
chapter = {{11 Oxidising Power of the Troposphere}},
publisher = {Princeton University Press},
year = {1999}
}
@article{Kent2020,
author = {Kent, Thomas E. and Richards, Arthur G.},
title = {Potential of Formation Flight for Commercial Aviation: Three Case Studies},
journal = {Journal of Aircraft},
volume = {58},
number = {2},
pages = {320--333},
year = {2020},
doi = {10.2514/1.C035954}
}
@article{Khan2020,
author = {Khan, M. Anwar H. and Miles, Barnaby and Jenkin, Michael E. and Derwent, Richard G. and Percival, Carl J. and Shallcross, Dudley E.},
title = {Investigating the Impacts of Nonacyl Peroxy Nitrates on the Global Composition of the Troposphere Using a 3-D Chemical Transport Model, STOCHEM-CRI},
journal = {ACS Earth and Space Chemistry},
volume = {4},
number = {7},
pages = {1201-1212},
year = {2020},
doi = {10.1021/acsearthspacechem.0c00133}
}
@article{Song2003,
author = {Song, C. H.},
doi = {10.1029/2002JD002216},
journal = {Journal of Geophysical Research},
number = {D4},
pages = {4143},
title = {{Dispersion and chemical evolution of ship plumes in the marine boundary layer: Investigation of O 3 /NO y /HO x chemistry}},
url = {http://doi.wiley.com/10.1029/2002JD002216},
volume = {108},
year = {2003}
}
@article{Kraabol2002,
author = {Kraab{\o}l, Anne Gunn and Berntsen, Terje K and Sundet, Jostein K and Stordal, Frode},
doi = {10.1029/2001JD001019},
journal = {Journal of Geophysical Research Atmospheres},
number = {22},
title = {{Impacts of NOx emissions from subsonic aircraft in a global three-dimensional chemistry transport model including plume processes}},
volume = {107},
year = {2002}
}
@article{Jacob2000,
author = {Jacob, Daniel J},
doi = {10.1016/S1352-2310(99)00462-8},
journal = {Atmospheric Environment},
number = {12-14},
pages = {2131--2159},
title = {{Heterogeneous chemistry and tropospheric ozone}},
volume = {34},
year = {2000}
}
@article{Meilinger2005,
author = {Meilinger, Stefanie K. and K{\"{a}}rcher, B. and Peter, Th},
doi = {10.5194/acp-5-533-2005},
file = {:C\:/Users/kt16229/Downloads/Meilinger 2005.pdf:pdf},
issn = {1680-7324},
journal = {Atmospheric Chemistry and Physics},
month = {feb},
number = {2},
pages = {533--545},
title = {{Microphysics and heterogeneous chemistry in aircraft plumes - high sensitivity on local meteorology and atmospheric composition}},
url = {https://acp.copernicus.org/articles/5/533/2005/},
volume = {5},
year = {2005}
}
@article{Meilinger2002,
author = {Meilinger, S. K. and K{\"{a}}rcher, B. and Peter, Th},
doi = {10.5194/acp-2-307-2002},
file = {:C\:/Users/kt16229/Downloads/10.1.1.382.5297.pdf:pdf},
issn = {1680-7324},
journal = {Atmospheric Chemistry and Physics},
number = {4},
pages = {307--312},
title = {{Suppression of chlorine activation on aviation-produced volatile particles}},
url = {https://acp.copernicus.org/articles/2/307/2002/},
volume = {2},
year = {2002}
}
@article{Perry1994,
author = {Perry, Kevin D and Hobbs, Peter V},
doi = {10.1029/94jd01926},
journal = {Journal of Geophysical Research},
number = {D11},
title = {{Further evidence for particle nucleation in clear air adjacent to marine cumulus clouds}},
volume = {99},
year = {1994}
}
@article{Karcher1996a,
author = {K{\"{a}}rcher, B. and Hirschberg, M M and Fabian, P},
doi = {10.1029/96JD01059},
journal = {Journal of Geophysical Research: Atmospheres},
number = {D10},
pages = {15169--15190},
title = {{Small-scale chemical evolution of aircraft exhaust species at cruising altitudes}},
url = {http://doi.wiley.com/10.1029/96JD01059},
volume = {101},
year = {1996}
}
@article{Karcher1996b,
author = {K{\"{a}}rcher, B. and Peter, Th and Biermann, U. M. and Schumann, Ulrich},
doi = {10.1175/1520-0469(1996)053<3066:TICOJC>2.0.CO;2},
journal = {Journal of the Atmospheric Sciences},
number = {21},
pages = {3066--3083},
title = {{The initial composition of jet condensation trails}},
volume = {53},
year = {1996}
}

@article{Heymsfield2010,
author = {Heymsfield, Andrew and Baumgardner, Darrel and DeMott, Paul and Forster, Piers and Gierens, Klaus and K{\"{a}}rcher, Bernd},
doi = {10.1175/2009BAMS2839.1},
journal = {Bulletin of the American Meteorological Society},
month = {apr},
number = {4},
pages = {465--472},
title = {{Contrail Microphysics}},
url = {https://journals.ametsoc.org/doi/10.1175/2009BAMS2839.1},
volume = {91},
year = {2010}
}
@article{Meerkotter1999,
author = {Meerk{\"{o}}tter, R. and Schumann, U. and Doelling, D. R. and Minnis, P. and Nakajima, T. and Tsushima, Y.},
doi = {10.1007/s00585-999-1080-7},
journal = {Annales Geophysicae},
number = {8},
pages = {1080--1094},
title = {{Radiative forcing by contrails}},
url = {https://angeo.copernicus.org/articles/17/1080/1999/},
volume = {17},
year = {1999}
}
@article{Schumann2012a,
author = {Schumann, U.},
doi = {10.5194/gmd-5-543-2012},
journal = {Geoscientific Model Development},
number = {3},
pages = {543--580},
title = {{A contrail cirrus prediction model}},
url = {https://gmd.copernicus.org/articles/5/543/2012/},
volume = {5},
year = {2012}
}
@article{Bickel2020,
author = {Bickel, Marius and Ponater, Michael and Bock, Lisa and Burkhardt, Ulrike and Reineke, Svenja},
doi = {10.1175/JCLI-D-19-0467.1},
journal = {Journal of Climate},
number = {5},
pages = {1991--2005},
title = {{Estimating the Effective Radiative Forcing of Contrail Cirrus}},
url = {http://journals.ametsoc.org/doi/10.1175/JCLI-D-19-0467.1},
volume = {33},
year = {2020}
}
@article{Bock2016,
author = {Bock, Lisa and Burkhardt, Ulrike},
doi = {10.1002/2015JD024475},
journal = {Journal of Geophysical Research: Atmospheres},
number = {7},
pages = {3548--3565},
title = {{The temporal evolution of a long-lived contrail cirrus cluster: Simulations with a global climate model}},
url = {http://doi.wiley.com/10.1002/2015JD024475},
volume = {121},
year = {2016}
}
@article{Schumann2012b,
author = {Schumann, Ulrich and Mayer, B. and Graf, K. and Mannstein, H.},
doi = {10.1175/JAMC-D-11-0242.1},
journal = {Journal of Applied Meteorology and Climatology},
keywords = {Cirrus clouds,Contrails/chemtrails,Radiative forcing},
number = {7},
pages = {1391--1406},
title = {{A parametric radiative forcing model for contrail cirrus}},
volume = {51},
year = {2012}
}
@article{Wennberg1998,
author = {Wennberg, P. O. and Hanisco, T F and Jaegl{\'{e}}, L. and Jacob, D J and Hintsa, E. J. and Lanzendorf, E. J. and Anderson, J G and Gao, R.-S. and Keim, E R and Donnelly, S G and Negro, L. A. Del and Fahey, D. W. and McKeen, S. A. and Salawitch, R J and Webster, C R and May, R D and Herman, R L and Proffitt, M. H. and Margitan, J J and Atlas, E L and Schauffler, S M and Flocke, F and McElroy, C. T. and Bui, T. P.},
doi = {10.1126/science.279.5347.49},
journal = {Science},
number = {5347},
pages = {49--53},
title = {{Hydrogen Radicals, Nitrogen Radicals, and the Production of O 3 in the Upper Troposphere}},
url = {https://www.science.org/doi/10.1126/science.279.5347.49},
volume = {279},
year = {1998}
}
@article{Jaegle2001,
author = {Jaegl{\'{e}}, Lyatt},
doi = {10.1016/S1352-2310(00)00376-9},
journal = {Atmospheric Environment},
number = {3},
pages = {469--489},
title = {{Chemistry of HOx radicals in the upper troposphere}},
url = {https://linkinghub.elsevier.com/retrieve/pii/S1352231000003769},
volume = {35},
year = {2001}
}
@article{Unterstrasser2010,
author = {Unterstrasser, S. and Gierens, K.},
doi = {10.5194/acp-10-2017-2010},
journal = {Atmospheric Chemistry and Physics},
number = {4},
pages = {2017--2036},
title = {{Numerical simulations of contrail-to-cirrus transition – Part 1: An extensive parametric study}},
url = {https://acp.copernicus.org/articles/10/2017/2010/},
volume = {10},
year = {2010}
}
@article{Unterstrasser2020,
author = {Unterstrasser, Simon},
doi = {10.3390/aerospace7120170},
journal = {Aerospace},
number = {12},
pages = {1--22},
title = {{The contrail mitigation potential of aircraft formation flight derived from high-resolution simulations}},
volume = {7},
year = {2020}
}
@misc{flightradar24, 
title={Live flight tracker - real-time flight tracker map}, 
url={https://www.flightradar24.com/data/statistics}, 
author={{Flightradar24 AB}},
year = {2022}
} 
@article{Paoli2020,
author = {Paoli, Roberto},
doi = {10.3390/atmos11080863},
journal = {Atmosphere},
number = {8},
pages = {863},
title = {{Modeling Emissions from Concentrated Sources into Large-Scale Models: Theory and apriori Testing}},
url = {https://www.mdpi.com/2073-4433/11/8/863},
volume = {11},
year = {2020}
}
@article{Burkhardt2009,
author = {Burkhardt, Ulrike and Karcher, Bernd},
doi = {10.1029/2008JD011491},
journal = {Journal of Geophysical Research Atmospheres},
number = {16},
pages = {1--13},
title = {{Process-based simulation of contrail cirrus in a global climate model}},
volume = {114},
year = {2009}
}
@article{Peeters2016,
author = {Peeters, Paul and Higham, James and Kutzner, Diana and Cohen, Scott and G{\"{o}}ssling, Stefan},
doi = {10.1016/j.trd.2016.02.004},
journal = {Transportation Research Part D: Transport and Environment},
pages = {30--42},
title = {{Are technology myths stalling aviation climate policy?}},
url = {https://linkinghub.elsevier.com/retrieve/pii/S1361920916000158},
volume = {44},
year = {2016}
}
@misc{IATANetZero,
author = {Mikosz, S.},
title = {Airline commitment to Net Zero 2050},
institution = {International Air Transport Association (IATA)},
year = {2021},
url={https://www.iata.org/en/iata-repository/pressroom/presentations/environment-net-zero-carbon-at-iata-agm-2021/}
}
@techreport{ICF2021,
title = {Fueling Net Zero},
year = {2021},
author = {Blanshard, Alistair and McCurdy, Mike and Reid-Kay, Angus and Chokhani, Saloni},
institution = {ICF International}
}
@techreport{Henoi2022,
institution = {HEÑÓI, Stay Grounded, Biofuelwatch \& Global Forest Coalition},
author = {Asher, F. and Hughes, G. and Ernesting, A. and Kapfinger, M. and Munnion, O. and Lutsky, K.},
year = {2022},
title = {Producing fuel for other people's planes}
}
@techreport{TandE2020,
title = {Assessment of ICAO's global market-based measure (CORSIA) pursuant to Article 28b and for studying cost pass-through pursuant to Article 3d of the EU ETS Directive},
institution = {European Commission},
year = {2020}
}
@techreport{TandE2021,
author = {Dardenne, Jo},
title = {Corsia: worst option for the climate},
institution = {Transport \& Environment},
year = {2021}
}
@article{Grewe2014a,
author = {Grewe, Volker and Champougny, Thierry and Matthes, Sigrun and Fr{\"{o}}mming, Christine and Brinkop, Sabine and S{\o}vde, Ole Amund and Irvine, Emma A. and Halscheidt, Lucia},
doi = {10.1016/j.atmosenv.2014.05.059},
journal = {Atmospheric Environment},
pages = {616--625},
title = {{Reduction of the air traffic's contribution to climate change: A REACT4C case study}},
volume = {94},
year = {2014}
}
@inproceedings{Luhrs2016,
author = {L{\"{u}}hrs, B. and Nikla{\ss}, M. and Fr{\"{o}}mming, C. and Grewe, V. and Gollnick, V.},
booktitle = {16th AIAA Aviation Technology, Integration, and Operations Conference},
doi = {10.2514/6.2016-3758},
title = {{Cost-benefit assessment of 2D and 3D climate and weather optimized trajectories}},
year = {2016}
}
@article{Grewe2017,
author = {Grewe, Volker and Matthes, Sigrun and Fr{\"{o}}mming, Christine and Brinkop, Sabine and J{\"{o}}ckel, Patrick and Gierens, Klaus and Champougny, Thierry and Fuglestvedt, Jan and Haslerud, Amund and Irvine, Emma and Shine, Keith},
doi = {10.1088/1748-9326/aa5ba0},
journal = {Environmental Research Letters},
number = {3},
pages = {034003},
title = {{Feasibility of climate-optimized air traffic routing for trans-Atlantic flights}},
url = {https://iopscience.iop.org/article/10.1088/1748-9326/aa5ba0},
volume = {12},
year = {2017}
}
@article{Teoh2020,
author = {Teoh, Roger and Schumann, Ulrich and Majumdar, Arnab and Stettler, Marc E.J.},
doi = {10.1021/acs.est.9b05608},
journal = {Environmental Science and Technology},
number = {5},
pages = {2941--2950},
title = {{Mitigating the Climate Forcing of Aircraft Contrails by Small-Scale Diversions and Technology Adoption}},
volume = {54},
year = {2020}
}
@article{Matthes2020,
author = {Matthes, Sigrun and L{\"{u}}hrs, Benjamin and Dahlmann, Katrin and Grewe, Volker and Linke, Florian and Yin, Feijia and Klingaman, Emma and Shine, Keith P.},
doi = {10.3390/aerospace7110156},
journal = {Aerospace},
number = {11},
pages = {1--15},
title = {{Climate-optimized trajectories and robust mitigation potential: Flying atm4e}},
volume = {7},
year = {2020}
}
@misc{MUAC2021,
author = {Ehrmanntraut, R.},
title = {Mitigating the climate impact of non-\ce{CO_2}: EUROCONTROL MUAC Live Trials 2021},
institution = {EUROCONTROL},
year = {2021}
}
@article{Simorgh2022,
author = {Simorgh, Abolfazl and Soler, Manuel and Gonz{\'{a}}lez-Arribas, Daniel and Matthes, Sigrun and Grewe, Volker and Dietm{\"{u}}ller, Simone and Baumann, Sabine and Yamashita, Hiroshi and Yin, Feijia and Castino, Federica and Linke, Florian and L{\"{u}}hrs, Benjamin and Meuser, Maximilian Mendiguchia},
doi = {10.3390/aerospace9030146},
journal = {Aerospace},
month = {mar},
number = {3},
pages = {146},
title = {{A Comprehensive Survey on Climate Optimal Aircraft Trajectory Planning}},
url = {https://www.mdpi.com/2226-4310/9/3/146},
volume = {9},
year = {2022}
}
@inproceedings{Venkataramanan2003,
author = {Venkataramanan, Sriram and Dogan, Atilla},
booktitle = {AIAA Guidance, Navigation, and Control Conference and Exhibit},
doi = {10.2514/6.2003-5725},
month = {aug},
number = {August},
pages = {1--11},
publisher = {American Institute of Aeronautics and Astronautics},
title = {{Nonlinear Control for Reconfiguration of UAV Formation}},
url = {https://arc.aiaa.org/doi/10.2514/6.2003-5725},
year = {2003}
}
@inproceedings{Hanson2002,
author = {Hanson, Curtis and Ryan, Jack and Allen, Michael and Jacobson, Steven},
booktitle = {AIAA Guidance, Navigation, and Control Conference and Exhibit},
doi = {10.2514/6.2002-4755},
month = {aug},
publisher = {American Institute of Aeronautics and Astronautics},
title = {{An Overview of Flight Test Results for a Formation Flight Autopilot}},
url = {https://arc.aiaa.org/doi/10.2514/6.2002-4755},
year = {2002}
}
@inproceedings{Bower2009,
author = {Bower, Geoffrey and Flanzer, Tristan and Kroo, Ilan},
booktitle = {27th AIAA Applied Aerodynamics Conference},
doi = {10.2514/6.2009-3615},
month = {jun},
number = {June},
publisher = {American Institute of Aeronautics and Astronautics},
title = {{Formation Geometries and Route Optimization for Commercial Formation Flight}},
url = {https://arc.aiaa.org/doi/10.2514/6.2009-3615},
year = {2009}
}
@techreport{Airbus2021,
institution = {Airbus},
title = {Fello'fly Wake Energy Retrieval: Concept of Operations},
year = {2021},
}
@article{Xu2014,
author = {Xu, Jia and {Andrew Ning}, S. and Bower, Geoffrey and Kroo, Ilan},
doi = {10.2514/1.C032154},
journal = {Journal of Aircraft},
month = {mar},
number = {2},
pages = {490--501},
title = {{Aircraft Route Optimization for Formation Flight}},
url = {https://arc.aiaa.org/doi/10.2514/1.C032154},
volume = {51},
year = {2014}
}
@article{Kent2021,
author = {Kent, Thomas E and Richards, Arthur G},
doi = {10.2514/1.C035954},
journal = {Journal of Aircraft},
month = {mar},
number = {2},
pages = {320--333},
title = {{Potential of formation flight for commercial aviation: Three case studies}},
url = {https://arc.aiaa.org/doi/10.2514/1.C035954},
volume = {58},
year = {2021}
}
@article{Marks2020,
author = {Marks, Tobias and Dahlmann, Katrin and Grewe, Volker and Gollnick, Volker and Linke, Florian and Matthes, Sigrun and Stumpf, Eike and Swaid, Majed and Unterstrasser, Simon and Yamashita, Hiroshi and Zumegen, Clemens},
doi = {10.3390/aerospace8010014},
journal = {Aerospace}, 
number = {1},
pages = {14},
title = {{Climate Impact Mitigation Potential of Formation Flight}},
url = {https://www.mdpi.com/2226-4310/8/1/14},
volume = {8},
year = {2021}
}


 








